@inproceedings{alon1996space,
  title={The space complexity of approximating the frequency moments},
  author={Alon, Noga and Matias, Yossi and Szegedy, Mario},
  booktitle={Proceedings of the twenty-eighth annual ACM symposium on Theory of computing},
  pages={20--29},
  year={1996},
  organization={ACM}
}